%YAML 1.1
%TAG !u! tag:unity3d.com,2011:
--- !u!29 &1
OcclusionCullingSettings:
  m_ObjectHideFlags: 0
  serializedVersion: 2
  m_OcclusionBakeSettings:
    smallestOccluder: 5
    smallestHole: 0.25
    backfaceThreshold: 100
  m_SceneGUID: 00000000000000000000000000000000
  m_OcclusionCullingData: {fileID: 0}
--- !u!104 &2
RenderSettings:
  m_ObjectHideFlags: 0
  serializedVersion: 7
  m_Fog: 0
  m_FogColor: {r: 0.5, g: 0.5, b: 0.5, a: 1}
  m_FogMode: 3
  m_FogDensity: 0.01
  m_LinearFogStart: 0
  m_LinearFogEnd: 300
  m_AmbientSkyColor: {r: 0.212, g: 0.227, b: 0.259, a: 1}
  m_AmbientEquatorColor: {r: 0.114, g: 0.125, b: 0.133, a: 1}
  m_AmbientGroundColor: {r: 0.047, g: 0.043, b: 0.035, a: 1}
  m_AmbientIntensity: 1
  m_AmbientMode: 0
  m_SkyboxMaterial: {fileID: 2100000, guid: b5b520eb365b3604ebfcb9f46e98db05, type: 2}
  m_HaloStrength: 0.5
  m_FlareStrength: 1
  m_FlareFadeSpeed: 3
  m_HaloTexture: {fileID: 0}
  m_SpotCookie: {fileID: 10001, guid: 0000000000000000e000000000000000, type: 0}
  m_DefaultReflectionMode: 0
  m_DefaultReflectionResolution: 128
  m_ReflectionBounces: 1
  m_ReflectionIntensity: 1
  m_CustomReflection: {fileID: 0}
  m_Sun: {fileID: 969531596}
  m_IndirectSpecularColor: {r: 0, g: 0, b: 0, a: 1}
--- !u!157 &3
LightmapSettings:
  m_ObjectHideFlags: 0
  serializedVersion: 7
  m_GIWorkflowMode: 1
  m_GISettings:
    serializedVersion: 2
    m_BounceScale: 1
    m_IndirectOutputScale: 1
    m_AlbedoBoost: 1
    m_TemporalCoherenceThreshold: 1
    m_EnvironmentLightingMode: 0
    m_EnableBakedLightmaps: 1
    m_EnableRealtimeLightmaps: 1
  m_LightmapEditorSettings:
    serializedVersion: 4
    m_Resolution: 2
    m_BakeResolution: 40
    m_TextureWidth: 1024
    m_TextureHeight: 1024
    m_AO: 0
    m_AOMaxDistance: 1
    m_CompAOExponent: 1
    m_CompAOExponentDirect: 0
    m_Padding: 2
    m_LightmapParameters: {fileID: 0}
    m_LightmapsBakeMode: 1
    m_TextureCompression: 1
    m_DirectLightInLightProbes: 1
    m_FinalGather: 0
    m_FinalGatherFiltering: 1
    m_FinalGatherRayCount: 256
    m_ReflectionCompression: 2
  m_LightingDataAsset: {fileID: 0}
  m_RuntimeCPUUsage: 25
--- !u!196 &4
NavMeshSettings:
  serializedVersion: 2
  m_ObjectHideFlags: 0
  m_BuildSettings:
    serializedVersion: 2
    agentTypeID: 0
    agentRadius: 0.5
    agentHeight: 2
    agentSlope: 45
    agentClimb: 0.4
    ledgeDropHeight: 0
    maxJumpAcrossDistance: 0
    minRegionArea: 2
    manualCellSize: 0
    cellSize: 0.16666667
    accuratePlacement: 0
  m_NavMeshData: {fileID: 0}
--- !u!1001 &13554499
Prefab:
  m_ObjectHideFlags: 0
  serializedVersion: 2
  m_Modification:
    m_TransformParent: {fileID: 1336119451}
    m_Modifications:
    - target: {fileID: 400132, guid: e853c9f3a6ebdac4585bc9baf0f5d3fd, type: 3}
      propertyPath: m_LocalPosition.x
      value: 420.5901
      objectReference: {fileID: 0}
    - target: {fileID: 400132, guid: e853c9f3a6ebdac4585bc9baf0f5d3fd, type: 3}
      propertyPath: m_LocalPosition.y
      value: 2498.9998
      objectReference: {fileID: 0}
    - target: {fileID: 400132, guid: e853c9f3a6ebdac4585bc9baf0f5d3fd, type: 3}
      propertyPath: m_LocalPosition.z
      value: 451.58527
      objectReference: {fileID: 0}
    - target: {fileID: 400132, guid: e853c9f3a6ebdac4585bc9baf0f5d3fd, type: 3}
      propertyPath: m_LocalRotation.x
      value: -0
      objectReference: {fileID: 0}
    - target: {fileID: 400132, guid: e853c9f3a6ebdac4585bc9baf0f5d3fd, type: 3}
      propertyPath: m_LocalRotation.y
      value: -0.20928727
      objectReference: {fileID: 0}
    - target: {fileID: 400132, guid: e853c9f3a6ebdac4585bc9baf0f5d3fd, type: 3}
      propertyPath: m_LocalRotation.z
      value: -2.664535e-15
      objectReference: {fileID: 0}
    - target: {fileID: 400132, guid: e853c9f3a6ebdac4585bc9baf0f5d3fd, type: 3}
      propertyPath: m_LocalRotation.w
      value: 0.9778542
      objectReference: {fileID: 0}
    - target: {fileID: 400132, guid: e853c9f3a6ebdac4585bc9baf0f5d3fd, type: 3}
      propertyPath: m_RootOrder
      value: 0
      objectReference: {fileID: 0}
    - target: {fileID: 400132, guid: e853c9f3a6ebdac4585bc9baf0f5d3fd, type: 3}
      propertyPath: m_LocalScale.x
      value: 0.49999997
      objectReference: {fileID: 0}
    - target: {fileID: 400132, guid: e853c9f3a6ebdac4585bc9baf0f5d3fd, type: 3}
      propertyPath: m_LocalScale.y
      value: 0.5
      objectReference: {fileID: 0}
    - target: {fileID: 400132, guid: e853c9f3a6ebdac4585bc9baf0f5d3fd, type: 3}
      propertyPath: m_LocalScale.z
      value: 0.49999997
      objectReference: {fileID: 0}
    - target: {fileID: 400132, guid: e853c9f3a6ebdac4585bc9baf0f5d3fd, type: 3}
      propertyPath: m_LocalEulerAnglesHint.y
      value: -10.558001
      objectReference: {fileID: 0}
    - target: {fileID: 100132, guid: e853c9f3a6ebdac4585bc9baf0f5d3fd, type: 3}
      propertyPath: m_Name
      value: Crate (1)
      objectReference: {fileID: 0}
    - target: {fileID: 100132, guid: e853c9f3a6ebdac4585bc9baf0f5d3fd, type: 3}
      propertyPath: m_StaticEditorFlags
      value: 4294967295
      objectReference: {fileID: 0}
    m_RemovedComponents:
    - {fileID: 9500000, guid: e853c9f3a6ebdac4585bc9baf0f5d3fd, type: 3}
  m_ParentPrefab: {fileID: 100100000, guid: e853c9f3a6ebdac4585bc9baf0f5d3fd, type: 3}
  m_IsPrefabParent: 0
--- !u!1 &13554500 stripped
GameObject:
  m_PrefabParentObject: {fileID: 100132, guid: e853c9f3a6ebdac4585bc9baf0f5d3fd, type: 3}
  m_PrefabInternal: {fileID: 13554499}
--- !u!65 &13554501
BoxCollider:
  m_ObjectHideFlags: 0
  m_PrefabParentObject: {fileID: 0}
  m_PrefabInternal: {fileID: 0}
  m_GameObject: {fileID: 13554500}
  m_Material: {fileID: 0}
  m_IsTrigger: 0
  m_Enabled: 1
  serializedVersion: 2
  m_Size: {x: 2540.0002, y: 2543.1748, z: 2540.0002}
  m_Center: {x: 0.001953125, y: 1271.5874, z: -0.0009765625}
--- !u!1001 &101867954
Prefab:
  m_ObjectHideFlags: 0
  serializedVersion: 2
  m_Modification:
    m_TransformParent: {fileID: 0}
    m_Modifications:
    - target: {fileID: 4429571030775280, guid: 9f1b6d3ac85e1d54188084894d8d2f1d, type: 2}
      propertyPath: m_LocalPosition.x
      value: -2.2862234
      objectReference: {fileID: 0}
    - target: {fileID: 4429571030775280, guid: 9f1b6d3ac85e1d54188084894d8d2f1d, type: 2}
      propertyPath: m_LocalPosition.y
      value: 1.94
      objectReference: {fileID: 0}
    - target: {fileID: 4429571030775280, guid: 9f1b6d3ac85e1d54188084894d8d2f1d, type: 2}
      propertyPath: m_LocalPosition.z
      value: -6.9957976
      objectReference: {fileID: 0}
    - target: {fileID: 4429571030775280, guid: 9f1b6d3ac85e1d54188084894d8d2f1d, type: 2}
      propertyPath: m_LocalRotation.x
      value: -0
      objectReference: {fileID: 0}
    - target: {fileID: 4429571030775280, guid: 9f1b6d3ac85e1d54188084894d8d2f1d, type: 2}
      propertyPath: m_LocalRotation.y
      value: -0
      objectReference: {fileID: 0}
    - target: {fileID: 4429571030775280, guid: 9f1b6d3ac85e1d54188084894d8d2f1d, type: 2}
      propertyPath: m_LocalRotation.z
      value: -0
      objectReference: {fileID: 0}
    - target: {fileID: 4429571030775280, guid: 9f1b6d3ac85e1d54188084894d8d2f1d, type: 2}
      propertyPath: m_LocalRotation.w
      value: 1
      objectReference: {fileID: 0}
    - target: {fileID: 4429571030775280, guid: 9f1b6d3ac85e1d54188084894d8d2f1d, type: 2}
      propertyPath: m_RootOrder
      value: 4
      objectReference: {fileID: 0}
    - target: {fileID: 54589104983752964, guid: 9f1b6d3ac85e1d54188084894d8d2f1d,
        type: 2}
      propertyPath: m_UseGravity
      value: 1
      objectReference: {fileID: 0}
    - target: {fileID: 1218093776042504, guid: 9f1b6d3ac85e1d54188084894d8d2f1d, type: 2}
      propertyPath: m_IsActive
      value: 0
      objectReference: {fileID: 0}
    m_RemovedComponents: []
  m_ParentPrefab: {fileID: 100100000, guid: 9f1b6d3ac85e1d54188084894d8d2f1d, type: 2}
  m_IsPrefabParent: 0
--- !u!1001 &134287076
Prefab:
  m_ObjectHideFlags: 0
  serializedVersion: 2
  m_Modification:
    m_TransformParent: {fileID: 0}
    m_Modifications:
    - target: {fileID: 4480248924876984, guid: 95aa01d1a0cd4bc4b96b4f69df6eb144, type: 2}
      propertyPath: m_LocalPosition.x
      value: 0.7260001
      objectReference: {fileID: 0}
    - target: {fileID: 4480248924876984, guid: 95aa01d1a0cd4bc4b96b4f69df6eb144, type: 2}
      propertyPath: m_LocalPosition.y
      value: 2.27
      objectReference: {fileID: 0}
    - target: {fileID: 4480248924876984, guid: 95aa01d1a0cd4bc4b96b4f69df6eb144, type: 2}
      propertyPath: m_LocalPosition.z
      value: -14.36
      objectReference: {fileID: 0}
    - target: {fileID: 4480248924876984, guid: 95aa01d1a0cd4bc4b96b4f69df6eb144, type: 2}
      propertyPath: m_LocalRotation.x
      value: -0.7071068
      objectReference: {fileID: 0}
    - target: {fileID: 4480248924876984, guid: 95aa01d1a0cd4bc4b96b4f69df6eb144, type: 2}
      propertyPath: m_LocalRotation.y
      value: -0
      objectReference: {fileID: 0}
    - target: {fileID: 4480248924876984, guid: 95aa01d1a0cd4bc4b96b4f69df6eb144, type: 2}
      propertyPath: m_LocalRotation.z
      value: -0
      objectReference: {fileID: 0}
    - target: {fileID: 4480248924876984, guid: 95aa01d1a0cd4bc4b96b4f69df6eb144, type: 2}
      propertyPath: m_LocalRotation.w
      value: 0.7071068
      objectReference: {fileID: 0}
    - target: {fileID: 4480248924876984, guid: 95aa01d1a0cd4bc4b96b4f69df6eb144, type: 2}
      propertyPath: m_RootOrder
      value: 7
      objectReference: {fileID: 0}
    - target: {fileID: 1134255601064622, guid: 95aa01d1a0cd4bc4b96b4f69df6eb144, type: 2}
      propertyPath: m_IsActive
      value: 0
      objectReference: {fileID: 0}
    m_RemovedComponents: []
  m_ParentPrefab: {fileID: 100100000, guid: 95aa01d1a0cd4bc4b96b4f69df6eb144, type: 2}
  m_IsPrefabParent: 0
--- !u!1 &194621205
GameObject:
  m_ObjectHideFlags: 0
  m_PrefabParentObject: {fileID: 0}
  m_PrefabInternal: {fileID: 0}
  serializedVersion: 5
  m_Component:
  - component: {fileID: 194621207}
  - component: {fileID: 194621206}
  m_Layer: 0
  m_Name: Reflection Probe
  m_TagString: Untagged
  m_Icon: {fileID: 0}
  m_NavMeshLayer: 0
  m_StaticEditorFlags: 0
  m_IsActive: 1
--- !u!215 &194621206
ReflectionProbe:
  m_ObjectHideFlags: 0
  m_PrefabParentObject: {fileID: 0}
  m_PrefabInternal: {fileID: 0}
  m_GameObject: {fileID: 194621205}
  m_Enabled: 1
  serializedVersion: 2
  m_Type: 0
  m_Mode: 0
  m_RefreshMode: 0
  m_TimeSlicingMode: 0
  m_Resolution: 128
  m_UpdateFrequency: 0
  m_BoxSize: {x: 40, y: 30, z: 40}
  m_BoxOffset: {x: 0, y: 0, z: 0}
  m_NearClip: 0.3
  m_FarClip: 1000
  m_ShadowDistance: 100
  m_ClearFlags: 1
  m_BackGroundColor: {r: 0.19215687, g: 0.3019608, b: 0.4745098, a: 0}
  m_CullingMask:
    serializedVersion: 2
    m_Bits: 4294967295
  m_IntensityMultiplier: 1
  m_BlendDistance: 1
  m_HDR: 1
  m_BoxProjection: 1
  m_RenderDynamicObjects: 0
  m_UseOcclusionCulling: 1
  m_Importance: 1
  m_CustomBakedTexture: {fileID: 0}
--- !u!4 &194621207
Transform:
  m_ObjectHideFlags: 0
  m_PrefabParentObject: {fileID: 0}
  m_PrefabInternal: {fileID: 0}
  m_GameObject: {fileID: 194621205}
  m_LocalRotation: {x: -0, y: -0, z: -0, w: 1}
  m_LocalPosition: {x: 0, y: 2.22, z: 0}
  m_LocalScale: {x: 1, y: 1, z: 1}
  m_Children: []
  m_Father: {fileID: 0}
  m_RootOrder: 0
  m_LocalEulerAnglesHint: {x: 0, y: 0, z: 0}
--- !u!21 &261554207
Material:
  serializedVersion: 6
  m_ObjectHideFlags: 0
  m_PrefabParentObject: {fileID: 0}
  m_PrefabInternal: {fileID: 0}
  m_Name: Sprites/Default
  m_Shader: {fileID: 10753, guid: 0000000000000000f000000000000000, type: 0}
  m_ShaderKeywords: 
  m_LightmapFlags: 5
  m_CustomRenderQueue: -1
  stringTagMap: {}
  m_SavedProperties:
    serializedVersion: 2
    m_TexEnvs:
    - first:
        name: _MainTex
      second:
        m_Texture: {fileID: 0}
        m_Scale: {x: 1, y: 1}
        m_Offset: {x: 0, y: 0}
    m_Floats:
    - first:
        name: PixelSnap
      second: 0
    m_Colors:
    - first:
        name: _Color
      second: {r: 1, g: 1, b: 1, a: 1}
--- !u!1001 &375476057
Prefab:
  m_ObjectHideFlags: 0
  serializedVersion: 2
  m_Modification:
    m_TransformParent: {fileID: 1078393123}
    m_Modifications:
    - target: {fileID: 400000, guid: 1510c4932cc3dc64db93bc61e58e5360, type: 3}
      propertyPath: m_LocalPosition.x
      value: -2.31
      objectReference: {fileID: 0}
    - target: {fileID: 400000, guid: 1510c4932cc3dc64db93bc61e58e5360, type: 3}
      propertyPath: m_LocalPosition.y
      value: 1.7
      objectReference: {fileID: 0}
    - target: {fileID: 400000, guid: 1510c4932cc3dc64db93bc61e58e5360, type: 3}
      propertyPath: m_LocalPosition.z
      value: 1.09
      objectReference: {fileID: 0}
    - target: {fileID: 400000, guid: 1510c4932cc3dc64db93bc61e58e5360, type: 3}
      propertyPath: m_LocalRotation.x
      value: -0.5000003
      objectReference: {fileID: 0}
    - target: {fileID: 400000, guid: 1510c4932cc3dc64db93bc61e58e5360, type: 3}
      propertyPath: m_LocalRotation.y
      value: -0.49999985
      objectReference: {fileID: 0}
    - target: {fileID: 400000, guid: 1510c4932cc3dc64db93bc61e58e5360, type: 3}
      propertyPath: m_LocalRotation.z
      value: -0.49999973
      objectReference: {fileID: 0}
    - target: {fileID: 400000, guid: 1510c4932cc3dc64db93bc61e58e5360, type: 3}
      propertyPath: m_LocalRotation.w
      value: 0.50000024
      objectReference: {fileID: 0}
    - target: {fileID: 400000, guid: 1510c4932cc3dc64db93bc61e58e5360, type: 3}
      propertyPath: m_RootOrder
      value: 1
      objectReference: {fileID: 0}
    - target: {fileID: 400000, guid: 1510c4932cc3dc64db93bc61e58e5360, type: 3}
      propertyPath: m_LocalScale.x
      value: 0.5
      objectReference: {fileID: 0}
    - target: {fileID: 400000, guid: 1510c4932cc3dc64db93bc61e58e5360, type: 3}
      propertyPath: m_LocalScale.y
      value: 0.50000024
      objectReference: {fileID: 0}
    - target: {fileID: 400000, guid: 1510c4932cc3dc64db93bc61e58e5360, type: 3}
      propertyPath: m_LocalScale.z
      value: 0.50000024
      objectReference: {fileID: 0}
    - target: {fileID: 400000, guid: 1510c4932cc3dc64db93bc61e58e5360, type: 3}
      propertyPath: m_LocalEulerAnglesHint.x
      value: -90.00001
      objectReference: {fileID: 0}
    - target: {fileID: 400000, guid: 1510c4932cc3dc64db93bc61e58e5360, type: 3}
      propertyPath: m_LocalEulerAnglesHint.z
      value: -90.00001
      objectReference: {fileID: 0}
    - target: {fileID: 100000, guid: 1510c4932cc3dc64db93bc61e58e5360, type: 3}
      propertyPath: m_Name
      value: Materials (1)
      objectReference: {fileID: 0}
    - target: {fileID: 100000, guid: 1510c4932cc3dc64db93bc61e58e5360, type: 3}
      propertyPath: m_StaticEditorFlags
      value: 4294967295
      objectReference: {fileID: 0}
    m_RemovedComponents: []
  m_ParentPrefab: {fileID: 100100000, guid: 1510c4932cc3dc64db93bc61e58e5360, type: 3}
  m_IsPrefabParent: 0
--- !u!4 &375476058 stripped
Transform:
  m_PrefabParentObject: {fileID: 400000, guid: 1510c4932cc3dc64db93bc61e58e5360, type: 3}
  m_PrefabInternal: {fileID: 375476057}
--- !u!1 &375476059 stripped
GameObject:
  m_PrefabParentObject: {fileID: 100000, guid: 1510c4932cc3dc64db93bc61e58e5360, type: 3}
  m_PrefabInternal: {fileID: 375476057}
--- !u!65 &375476060
BoxCollider:
  m_ObjectHideFlags: 0
  m_PrefabParentObject: {fileID: 0}
  m_PrefabInternal: {fileID: 0}
  m_GameObject: {fileID: 375476059}
  m_Material: {fileID: 0}
  m_IsTrigger: 0
  m_Enabled: 1
  serializedVersion: 2
  m_Size: {x: 2.0030324, y: 2.0000007, z: 2.0000007}
  m_Center: {x: -0.0015159845, y: 1.8071918e-10, z: 1.3553955e-10}
--- !u!1001 &443840719
Prefab:
  m_ObjectHideFlags: 0
  serializedVersion: 2
  m_Modification:
    m_TransformParent: {fileID: 0}
    m_Modifications:
    - target: {fileID: 4375140541979274, guid: 1b6825488c549fd40994d2697493e7b9, type: 2}
      propertyPath: m_LocalPosition.x
      value: -0.17739156
      objectReference: {fileID: 0}
    - target: {fileID: 4375140541979274, guid: 1b6825488c549fd40994d2697493e7b9, type: 2}
      propertyPath: m_LocalPosition.y
      value: 2.22
      objectReference: {fileID: 0}
    - target: {fileID: 4375140541979274, guid: 1b6825488c549fd40994d2697493e7b9, type: 2}
      propertyPath: m_LocalPosition.z
      value: -14.4
      objectReference: {fileID: 0}
    - target: {fileID: 4375140541979274, guid: 1b6825488c549fd40994d2697493e7b9, type: 2}
      propertyPath: m_LocalRotation.x
      value: -0.7071068
      objectReference: {fileID: 0}
    - target: {fileID: 4375140541979274, guid: 1b6825488c549fd40994d2697493e7b9, type: 2}
      propertyPath: m_LocalRotation.y
      value: -0
      objectReference: {fileID: 0}
    - target: {fileID: 4375140541979274, guid: 1b6825488c549fd40994d2697493e7b9, type: 2}
      propertyPath: m_LocalRotation.z
      value: -0
      objectReference: {fileID: 0}
    - target: {fileID: 4375140541979274, guid: 1b6825488c549fd40994d2697493e7b9, type: 2}
      propertyPath: m_LocalRotation.w
      value: 0.7071068
      objectReference: {fileID: 0}
    - target: {fileID: 4375140541979274, guid: 1b6825488c549fd40994d2697493e7b9, type: 2}
      propertyPath: m_RootOrder
      value: 5
      objectReference: {fileID: 0}
    - target: {fileID: 1434244449013778, guid: 1b6825488c549fd40994d2697493e7b9, type: 2}
      propertyPath: m_IsActive
      value: 0
      objectReference: {fileID: 0}
    m_RemovedComponents: []
  m_ParentPrefab: {fileID: 100100000, guid: 1b6825488c549fd40994d2697493e7b9, type: 2}
  m_IsPrefabParent: 0
--- !u!1001 &463119015
Prefab:
  m_ObjectHideFlags: 0
  serializedVersion: 2
  m_Modification:
    m_TransformParent: {fileID: 1078393123}
    m_Modifications:
    - target: {fileID: 400000, guid: 1510c4932cc3dc64db93bc61e58e5360, type: 3}
      propertyPath: m_LocalPosition.x
      value: 2.31
      objectReference: {fileID: 0}
    - target: {fileID: 400000, guid: 1510c4932cc3dc64db93bc61e58e5360, type: 3}
      propertyPath: m_LocalPosition.y
      value: 1.7
      objectReference: {fileID: 0}
    - target: {fileID: 400000, guid: 1510c4932cc3dc64db93bc61e58e5360, type: 3}
      propertyPath: m_LocalPosition.z
      value: 1.09
      objectReference: {fileID: 0}
    - target: {fileID: 400000, guid: 1510c4932cc3dc64db93bc61e58e5360, type: 3}
      propertyPath: m_LocalRotation.x
      value: -0.5000003
      objectReference: {fileID: 0}
    - target: {fileID: 400000, guid: 1510c4932cc3dc64db93bc61e58e5360, type: 3}
      propertyPath: m_LocalRotation.y
      value: -0.49999985
      objectReference: {fileID: 0}
    - target: {fileID: 400000, guid: 1510c4932cc3dc64db93bc61e58e5360, type: 3}
      propertyPath: m_LocalRotation.z
      value: -0.49999973
      objectReference: {fileID: 0}
    - target: {fileID: 400000, guid: 1510c4932cc3dc64db93bc61e58e5360, type: 3}
      propertyPath: m_LocalRotation.w
      value: 0.50000024
      objectReference: {fileID: 0}
    - target: {fileID: 400000, guid: 1510c4932cc3dc64db93bc61e58e5360, type: 3}
      propertyPath: m_RootOrder
      value: 0
      objectReference: {fileID: 0}
    - target: {fileID: 400000, guid: 1510c4932cc3dc64db93bc61e58e5360, type: 3}
      propertyPath: m_LocalScale.x
      value: 0.5
      objectReference: {fileID: 0}
    - target: {fileID: 400000, guid: 1510c4932cc3dc64db93bc61e58e5360, type: 3}
      propertyPath: m_LocalScale.y
      value: 0.50000024
      objectReference: {fileID: 0}
    - target: {fileID: 400000, guid: 1510c4932cc3dc64db93bc61e58e5360, type: 3}
      propertyPath: m_LocalScale.z
      value: 0.50000024
      objectReference: {fileID: 0}
    - target: {fileID: 400000, guid: 1510c4932cc3dc64db93bc61e58e5360, type: 3}
      propertyPath: m_LocalEulerAnglesHint.x
      value: -90.00001
      objectReference: {fileID: 0}
    - target: {fileID: 400000, guid: 1510c4932cc3dc64db93bc61e58e5360, type: 3}
      propertyPath: m_LocalEulerAnglesHint.z
      value: -90.00001
      objectReference: {fileID: 0}
    - target: {fileID: 100000, guid: 1510c4932cc3dc64db93bc61e58e5360, type: 3}
      propertyPath: m_StaticEditorFlags
      value: 4294967295
      objectReference: {fileID: 0}
    m_RemovedComponents: []
  m_ParentPrefab: {fileID: 100100000, guid: 1510c4932cc3dc64db93bc61e58e5360, type: 3}
  m_IsPrefabParent: 0
--- !u!4 &463119016 stripped
Transform:
  m_PrefabParentObject: {fileID: 400000, guid: 1510c4932cc3dc64db93bc61e58e5360, type: 3}
  m_PrefabInternal: {fileID: 463119015}
--- !u!1 &463119017 stripped
GameObject:
  m_PrefabParentObject: {fileID: 100000, guid: 1510c4932cc3dc64db93bc61e58e5360, type: 3}
  m_PrefabInternal: {fileID: 463119015}
--- !u!65 &463119018
BoxCollider:
  m_ObjectHideFlags: 0
  m_PrefabParentObject: {fileID: 0}
  m_PrefabInternal: {fileID: 0}
  m_GameObject: {fileID: 463119017}
  m_Material: {fileID: 0}
  m_IsTrigger: 0
  m_Enabled: 1
  serializedVersion: 2
  m_Size: {x: 2.0030324, y: 2.0000007, z: 2.0000007}
  m_Center: {x: -0.0015159845, y: 1.8071918e-10, z: 1.3553955e-10}
--- !u!1001 &607013582
Prefab:
  m_ObjectHideFlags: 0
  serializedVersion: 2
  m_Modification:
    m_TransformParent: {fileID: 0}
    m_Modifications:
    - target: {fileID: 4395809840702286, guid: 5748612056ee08a4c938ea344733307f, type: 2}
      propertyPath: m_LocalPosition.x
      value: 0
      objectReference: {fileID: 0}
    - target: {fileID: 4395809840702286, guid: 5748612056ee08a4c938ea344733307f, type: 2}
      propertyPath: m_LocalPosition.y
      value: 0
      objectReference: {fileID: 0}
    - target: {fileID: 4395809840702286, guid: 5748612056ee08a4c938ea344733307f, type: 2}
      propertyPath: m_LocalPosition.z
      value: 0
      objectReference: {fileID: 0}
    - target: {fileID: 4395809840702286, guid: 5748612056ee08a4c938ea344733307f, type: 2}
      propertyPath: m_LocalRotation.x
      value: 0
      objectReference: {fileID: 0}
    - target: {fileID: 4395809840702286, guid: 5748612056ee08a4c938ea344733307f, type: 2}
      propertyPath: m_LocalRotation.y
      value: 0
      objectReference: {fileID: 0}
    - target: {fileID: 4395809840702286, guid: 5748612056ee08a4c938ea344733307f, type: 2}
      propertyPath: m_LocalRotation.z
      value: 0
      objectReference: {fileID: 0}
    - target: {fileID: 4395809840702286, guid: 5748612056ee08a4c938ea344733307f, type: 2}
      propertyPath: m_LocalRotation.w
      value: 1
      objectReference: {fileID: 0}
    - target: {fileID: 4395809840702286, guid: 5748612056ee08a4c938ea344733307f, type: 2}
      propertyPath: m_RootOrder
      value: 15
      objectReference: {fileID: 0}
    - target: {fileID: 82146556215524232, guid: 5748612056ee08a4c938ea344733307f,
        type: 2}
      propertyPath: m_Volume
      value: 0.46
      objectReference: {fileID: 0}
    m_RemovedComponents: []
  m_ParentPrefab: {fileID: 100100000, guid: 5748612056ee08a4c938ea344733307f, type: 2}
  m_IsPrefabParent: 0
--- !u!1001 &803924075
Prefab:
  m_ObjectHideFlags: 0
  serializedVersion: 2
  m_Modification:
    m_TransformParent: {fileID: 1078393123}
    m_Modifications:
    - target: {fileID: 400000, guid: 1510c4932cc3dc64db93bc61e58e5360, type: 3}
      propertyPath: m_LocalPosition.x
      value: -2.31
      objectReference: {fileID: 0}
    - target: {fileID: 400000, guid: 1510c4932cc3dc64db93bc61e58e5360, type: 3}
      propertyPath: m_LocalPosition.y
      value: 2.594
      objectReference: {fileID: 0}
    - target: {fileID: 400000, guid: 1510c4932cc3dc64db93bc61e58e5360, type: 3}
      propertyPath: m_LocalPosition.z
      value: 1.09
      objectReference: {fileID: 0}
    - target: {fileID: 400000, guid: 1510c4932cc3dc64db93bc61e58e5360, type: 3}
      propertyPath: m_LocalRotation.x
      value: -0.5000003
      objectReference: {fileID: 0}
    - target: {fileID: 400000, guid: 1510c4932cc3dc64db93bc61e58e5360, type: 3}
      propertyPath: m_LocalRotation.y
      value: -0.49999985
      objectReference: {fileID: 0}
    - target: {fileID: 400000, guid: 1510c4932cc3dc64db93bc61e58e5360, type: 3}
      propertyPath: m_LocalRotation.z
      value: -0.49999973
      objectReference: {fileID: 0}
    - target: {fileID: 400000, guid: 1510c4932cc3dc64db93bc61e58e5360, type: 3}
      propertyPath: m_LocalRotation.w
      value: 0.50000024
      objectReference: {fileID: 0}
    - target: {fileID: 400000, guid: 1510c4932cc3dc64db93bc61e58e5360, type: 3}
      propertyPath: m_RootOrder
      value: 2
      objectReference: {fileID: 0}
    - target: {fileID: 400000, guid: 1510c4932cc3dc64db93bc61e58e5360, type: 3}
      propertyPath: m_LocalScale.x
      value: 0.4
      objectReference: {fileID: 0}
    - target: {fileID: 400000, guid: 1510c4932cc3dc64db93bc61e58e5360, type: 3}
      propertyPath: m_LocalScale.y
      value: 0.4
      objectReference: {fileID: 0}
    - target: {fileID: 400000, guid: 1510c4932cc3dc64db93bc61e58e5360, type: 3}
      propertyPath: m_LocalScale.z
      value: 0.4
      objectReference: {fileID: 0}
    - target: {fileID: 400000, guid: 1510c4932cc3dc64db93bc61e58e5360, type: 3}
      propertyPath: m_LocalEulerAnglesHint.x
      value: -90.00001
      objectReference: {fileID: 0}
    - target: {fileID: 400000, guid: 1510c4932cc3dc64db93bc61e58e5360, type: 3}
      propertyPath: m_LocalEulerAnglesHint.z
      value: -90.00001
      objectReference: {fileID: 0}
    - target: {fileID: 100000, guid: 1510c4932cc3dc64db93bc61e58e5360, type: 3}
      propertyPath: m_Name
      value: Materials (2)
      objectReference: {fileID: 0}
    - target: {fileID: 100000, guid: 1510c4932cc3dc64db93bc61e58e5360, type: 3}
      propertyPath: m_StaticEditorFlags
      value: 4294967295
      objectReference: {fileID: 0}
    m_RemovedComponents: []
  m_ParentPrefab: {fileID: 100100000, guid: 1510c4932cc3dc64db93bc61e58e5360, type: 3}
  m_IsPrefabParent: 0
--- !u!4 &803924076 stripped
Transform:
  m_PrefabParentObject: {fileID: 400000, guid: 1510c4932cc3dc64db93bc61e58e5360, type: 3}
  m_PrefabInternal: {fileID: 803924075}
--- !u!1 &803924077 stripped
GameObject:
  m_PrefabParentObject: {fileID: 100000, guid: 1510c4932cc3dc64db93bc61e58e5360, type: 3}
  m_PrefabInternal: {fileID: 803924075}
--- !u!65 &803924078
BoxCollider:
  m_ObjectHideFlags: 0
  m_PrefabParentObject: {fileID: 0}
  m_PrefabInternal: {fileID: 0}
  m_GameObject: {fileID: 803924077}
  m_Material: {fileID: 0}
  m_IsTrigger: 0
  m_Enabled: 1
  serializedVersion: 2
  m_Size: {x: 2.0030324, y: 2.0000007, z: 2.0000007}
  m_Center: {x: -0.0015159845, y: 1.8071936e-10, z: 1.3553962e-10}
--- !u!1001 &818777674
Prefab:
  m_ObjectHideFlags: 0
  serializedVersion: 2
  m_Modification:
    m_TransformParent: {fileID: 0}
    m_Modifications:
    - target: {fileID: 4274467960222294, guid: e06efa215f184634a9ef8e15d899c8a3, type: 2}
      propertyPath: m_LocalPosition.x
      value: 1.513
      objectReference: {fileID: 0}
    - target: {fileID: 4274467960222294, guid: e06efa215f184634a9ef8e15d899c8a3, type: 2}
      propertyPath: m_LocalPosition.y
      value: 2.12
      objectReference: {fileID: 0}
    - target: {fileID: 4274467960222294, guid: e06efa215f184634a9ef8e15d899c8a3, type: 2}
      propertyPath: m_LocalPosition.z
      value: -14.29
      objectReference: {fileID: 0}
    - target: {fileID: 4274467960222294, guid: e06efa215f184634a9ef8e15d899c8a3, type: 2}
      propertyPath: m_LocalRotation.x
      value: -0.7071068
      objectReference: {fileID: 0}
    - target: {fileID: 4274467960222294, guid: e06efa215f184634a9ef8e15d899c8a3, type: 2}
      propertyPath: m_LocalRotation.y
      value: -0
      objectReference: {fileID: 0}
    - target: {fileID: 4274467960222294, guid: e06efa215f184634a9ef8e15d899c8a3, type: 2}
      propertyPath: m_LocalRotation.z
      value: -0
      objectReference: {fileID: 0}
    - target: {fileID: 4274467960222294, guid: e06efa215f184634a9ef8e15d899c8a3, type: 2}
      propertyPath: m_LocalRotation.w
      value: 0.7071068
      objectReference: {fileID: 0}
    - target: {fileID: 4274467960222294, guid: e06efa215f184634a9ef8e15d899c8a3, type: 2}
      propertyPath: m_RootOrder
      value: 6
      objectReference: {fileID: 0}
    - target: {fileID: 1341182249763566, guid: e06efa215f184634a9ef8e15d899c8a3, type: 2}
      propertyPath: m_IsActive
      value: 0
      objectReference: {fileID: 0}
    m_RemovedComponents: []
  m_ParentPrefab: {fileID: 100100000, guid: e06efa215f184634a9ef8e15d899c8a3, type: 2}
  m_IsPrefabParent: 0
--- !u!1 &969531595
GameObject:
  m_ObjectHideFlags: 0
  m_PrefabParentObject: {fileID: 0}
  m_PrefabInternal: {fileID: 0}
  serializedVersion: 5
  m_Component:
  - component: {fileID: 969531597}
  - component: {fileID: 969531596}
  m_Layer: 0
  m_Name: Directional Light
  m_TagString: Untagged
  m_Icon: {fileID: 0}
  m_NavMeshLayer: 0
  m_StaticEditorFlags: 0
  m_IsActive: 1
--- !u!108 &969531596
Light:
  m_ObjectHideFlags: 0
  m_PrefabParentObject: {fileID: 0}
  m_PrefabInternal: {fileID: 0}
  m_GameObject: {fileID: 969531595}
  m_Enabled: 1
  serializedVersion: 7
  m_Type: 1
  m_Color: {r: 0.61180794, g: 0.6764706, b: 0.6630921, a: 1}
  m_Intensity: 0.76
  m_Range: 10
  m_SpotAngle: 30
  m_CookieSize: 10
  m_Shadows:
    m_Type: 2
    m_Resolution: -1
    m_CustomResolution: -1
    m_Strength: 0.913
    m_Bias: 0.05
    m_NormalBias: 0.4
    m_NearPlane: 0.2
  m_Cookie: {fileID: 0}
  m_DrawHalo: 0
  m_Flare: {fileID: 0}
  m_RenderMode: 0
  m_CullingMask:
    serializedVersion: 2
    m_Bits: 4294967295
  m_Lightmapping: 1
  m_AreaSize: {x: 1, y: 1}
  m_BounceIntensity: 1
  m_ShadowRadius: 0
  m_ShadowAngle: 0
--- !u!4 &969531597
Transform:
  m_ObjectHideFlags: 0
  m_PrefabParentObject: {fileID: 0}
  m_PrefabInternal: {fileID: 0}
  m_GameObject: {fileID: 969531595}
  m_LocalRotation: {x: 0.3120419, y: -0, z: -0, w: 0.95006835}
  m_LocalPosition: {x: 0, y: 3, z: 0}
  m_LocalScale: {x: 1, y: 1, z: 1}
  m_Children: []
  m_Father: {fileID: 0}
  m_RootOrder: 12
  m_LocalEulerAnglesHint: {x: 36.365, y: 0, z: 0}
--- !u!1 &983622441
GameObject:
  m_ObjectHideFlags: 0
  m_PrefabParentObject: {fileID: 0}
  m_PrefabInternal: {fileID: 0}
  serializedVersion: 5
  m_Component:
  - component: {fileID: 983622444}
  - component: {fileID: 983622443}
  - component: {fileID: 983622442}
  m_Layer: 0
  m_Name: EventSystem
  m_TagString: Untagged
  m_Icon: {fileID: 0}
  m_NavMeshLayer: 0
  m_StaticEditorFlags: 0
  m_IsActive: 1
--- !u!114 &983622442
MonoBehaviour:
  m_ObjectHideFlags: 0
  m_PrefabParentObject: {fileID: 0}
  m_PrefabInternal: {fileID: 0}
  m_GameObject: {fileID: 983622441}
  m_Enabled: 1
  m_EditorHideFlags: 0
  m_Script: {fileID: 1077351063, guid: f70555f144d8491a825f0804e09c671c, type: 3}
  m_Name: 
  m_EditorClassIdentifier: 
  m_HorizontalAxis: Horizontal
  m_VerticalAxis: Vertical
  m_SubmitButton: Submit
  m_CancelButton: Cancel
  m_InputActionsPerSecond: 10
  m_RepeatDelay: 0.5
  m_ForceModuleActive: 0
--- !u!114 &983622443
MonoBehaviour:
  m_ObjectHideFlags: 0
  m_PrefabParentObject: {fileID: 0}
  m_PrefabInternal: {fileID: 0}
  m_GameObject: {fileID: 983622441}
  m_Enabled: 1
  m_EditorHideFlags: 0
  m_Script: {fileID: -619905303, guid: f70555f144d8491a825f0804e09c671c, type: 3}
  m_Name: 
  m_EditorClassIdentifier: 
  m_FirstSelected: {fileID: 0}
  m_sendNavigationEvents: 1
  m_DragThreshold: 5
--- !u!4 &983622444
Transform:
  m_ObjectHideFlags: 0
  m_PrefabParentObject: {fileID: 0}
  m_PrefabInternal: {fileID: 0}
  m_GameObject: {fileID: 983622441}
  m_LocalRotation: {x: 0, y: 0, z: 0, w: 1}
  m_LocalPosition: {x: 0, y: 0, z: 0}
  m_LocalScale: {x: 1, y: 1, z: 1}
  m_Children: []
  m_Father: {fileID: 0}
  m_RootOrder: 16
  m_LocalEulerAnglesHint: {x: 0, y: 0, z: 0}
--- !u!1001 &1011559043
Prefab:
  m_ObjectHideFlags: 0
  serializedVersion: 2
  m_Modification:
    m_TransformParent: {fileID: 0}
    m_Modifications:
    - target: {fileID: 400004, guid: b622a78a621da0b4fa61ccd5171e5f2a, type: 3}
      propertyPath: m_LocalPosition.x
      value: 0
      objectReference: {fileID: 0}
    - target: {fileID: 400004, guid: b622a78a621da0b4fa61ccd5171e5f2a, type: 3}
      propertyPath: m_LocalPosition.y
      value: 0
      objectReference: {fileID: 0}
    - target: {fileID: 400004, guid: b622a78a621da0b4fa61ccd5171e5f2a, type: 3}
      propertyPath: m_LocalPosition.z
      value: 0
      objectReference: {fileID: 0}
    - target: {fileID: 400004, guid: b622a78a621da0b4fa61ccd5171e5f2a, type: 3}
      propertyPath: m_LocalRotation.x
      value: 0
      objectReference: {fileID: 0}
    - target: {fileID: 400004, guid: b622a78a621da0b4fa61ccd5171e5f2a, type: 3}
      propertyPath: m_LocalRotation.y
      value: 0
      objectReference: {fileID: 0}
    - target: {fileID: 400004, guid: b622a78a621da0b4fa61ccd5171e5f2a, type: 3}
      propertyPath: m_LocalRotation.z
      value: 0
      objectReference: {fileID: 0}
    - target: {fileID: 400004, guid: b622a78a621da0b4fa61ccd5171e5f2a, type: 3}
      propertyPath: m_LocalRotation.w
      value: 1
      objectReference: {fileID: 0}
    - target: {fileID: 400004, guid: b622a78a621da0b4fa61ccd5171e5f2a, type: 3}
      propertyPath: m_RootOrder
      value: 11
      objectReference: {fileID: 0}
    - target: {fileID: 100002, guid: b622a78a621da0b4fa61ccd5171e5f2a, type: 3}
      propertyPath: m_StaticEditorFlags
      value: 4294967295
      objectReference: {fileID: 0}
    - target: {fileID: 100000, guid: b622a78a621da0b4fa61ccd5171e5f2a, type: 3}
      propertyPath: m_StaticEditorFlags
      value: 4294967295
      objectReference: {fileID: 0}
    - target: {fileID: 100004, guid: b622a78a621da0b4fa61ccd5171e5f2a, type: 3}
      propertyPath: m_StaticEditorFlags
      value: 4294967295
      objectReference: {fileID: 0}
    - target: {fileID: 100010, guid: b622a78a621da0b4fa61ccd5171e5f2a, type: 3}
      propertyPath: m_StaticEditorFlags
      value: 4294967295
      objectReference: {fileID: 0}
    - target: {fileID: 2300012, guid: b622a78a621da0b4fa61ccd5171e5f2a, type: 3}
      propertyPath: m_Enabled
      value: 0
      objectReference: {fileID: 0}
    m_RemovedComponents: []
  m_ParentPrefab: {fileID: 100100000, guid: b622a78a621da0b4fa61ccd5171e5f2a, type: 3}
  m_IsPrefabParent: 0
--- !u!1 &1011559044 stripped
GameObject:
  m_PrefabParentObject: {fileID: 100002, guid: b622a78a621da0b4fa61ccd5171e5f2a, type: 3}
  m_PrefabInternal: {fileID: 1011559043}
--- !u!1 &1011559045 stripped
GameObject:
  m_PrefabParentObject: {fileID: 100000, guid: b622a78a621da0b4fa61ccd5171e5f2a, type: 3}
  m_PrefabInternal: {fileID: 1011559043}
--- !u!64 &1011559046
MeshCollider:
  m_ObjectHideFlags: 0
  m_PrefabParentObject: {fileID: 0}
  m_PrefabInternal: {fileID: 0}
  m_GameObject: {fileID: 1011559044}
  m_Material: {fileID: 0}
  m_IsTrigger: 0
  m_Enabled: 1
  serializedVersion: 2
  m_Convex: 0
  m_InflateMesh: 0
  m_SkinWidth: 0.01
  m_Mesh: {fileID: 4300000, guid: b622a78a621da0b4fa61ccd5171e5f2a, type: 3}
--- !u!64 &1011559047
MeshCollider:
  m_ObjectHideFlags: 0
  m_PrefabParentObject: {fileID: 0}
  m_PrefabInternal: {fileID: 0}
  m_GameObject: {fileID: 1011559045}
  m_Material: {fileID: 0}
  m_IsTrigger: 0
  m_Enabled: 1
  serializedVersion: 2
  m_Convex: 0
  m_InflateMesh: 0
  m_SkinWidth: 0.01
  m_Mesh: {fileID: 4300002, guid: b622a78a621da0b4fa61ccd5171e5f2a, type: 3}
--- !u!4 &1011559051 stripped
Transform:
  m_PrefabParentObject: {fileID: 400000, guid: b622a78a621da0b4fa61ccd5171e5f2a, type: 3}
  m_PrefabInternal: {fileID: 1011559043}
--- !u!1 &1078393122
GameObject:
  m_ObjectHideFlags: 0
  m_PrefabParentObject: {fileID: 0}
  m_PrefabInternal: {fileID: 0}
  serializedVersion: 5
  m_Component:
  - component: {fileID: 1078393123}
  m_Layer: 0
  m_Name: Speakers
  m_TagString: Untagged
  m_Icon: {fileID: 0}
  m_NavMeshLayer: 0
  m_StaticEditorFlags: 4294967295
  m_IsActive: 1
--- !u!4 &1078393123
Transform:
  m_ObjectHideFlags: 0
  m_PrefabParentObject: {fileID: 0}
  m_PrefabInternal: {fileID: 0}
  m_GameObject: {fileID: 1078393122}
  m_LocalRotation: {x: 0, y: 0, z: 0, w: 1}
  m_LocalPosition: {x: 0, y: 0, z: 0}
  m_LocalScale: {x: 1, y: 1, z: 1}
  m_Children:
  - {fileID: 463119016}
  - {fileID: 375476058}
  - {fileID: 803924076}
  - {fileID: 1930008479}
  m_Father: {fileID: 0}
  m_RootOrder: 2
  m_LocalEulerAnglesHint: {x: 0, y: 0, z: 0}
--- !u!43 &1099709804
Mesh:
  m_ObjectHideFlags: 0
  m_PrefabParentObject: {fileID: 0}
  m_PrefabInternal: {fileID: 0}
  m_Name: 
  serializedVersion: 8
  m_SubMeshes:
  - serializedVersion: 2
    firstByte: 0
    indexCount: 24
    topology: 0
    firstVertex: 0
    vertexCount: 8
    localAABB:
      m_Center: {x: 0, y: 0.01, z: 0}
      m_Extent: {x: 1.65, y: 0, z: 1.275}
  m_Shapes:
    vertices: []
    shapes: []
    channels: []
    fullWeights: []
  m_BindPose: []
  m_BoneNameHashes: 
  m_RootBoneNameHash: 0
  m_MeshCompression: 0
  m_IsReadable: 1
  m_KeepVertices: 1
  m_KeepIndices: 1
  m_IndexBuffer: 000004000100010004000500010005000200020005000600020006000300030006000700030007000000000007000400
  m_Skin: []
  m_VertexData:
    m_CurrentChannels: 13
    m_VertexCount: 8
    m_Channels:
    - stream: 0
      offset: 0
      format: 0
      dimension: 3
    - stream: 0
      offset: 0
      format: 0
      dimension: 0
    - stream: 0
      offset: 12
      format: 0
      dimension: 4
    - stream: 0
      offset: 28
      format: 0
      dimension: 2
    - stream: 0
      offset: 0
      format: 0
      dimension: 0
    - stream: 0
      offset: 0
      format: 0
      dimension: 0
    - stream: 0
      offset: 0
      format: 0
      dimension: 0
    - stream: 0
      offset: 0
      format: 0
      dimension: 0
    m_DataSize: 288
    _typelessdata: 0000c03f0ad7233c0000903f000000000000803f0000803f0000803f00000000000000000000c03f0ad7233c000090bf000000000000803f0000803f0000803f0000803f000000000000c0bf0ad7233c000090bf000000000000803f0000803f0000803f00000000000000000000c0bf0ad7233c0000903f000000000000803f0000803f0000803f0000803f000000003333d33f0ad7233c3333a33f000000000000803f0000803f00000000000000000000803f3333d33f0ad7233c3333a3bf000000000000803f0000803f000000000000803f0000803f3333d3bf0ad7233c3333a3bf000000000000803f0000803f00000000000000000000803f3333d3bf0ad7233c3333a33f000000000000803f0000803f000000000000803f0000803f
  m_CompressedMesh:
    m_Vertices:
      m_NumItems: 0
      m_Range: 0
      m_Start: 0
      m_Data: 
      m_BitSize: 0
    m_UV:
      m_NumItems: 0
      m_Range: 0
      m_Start: 0
      m_Data: 
      m_BitSize: 0
    m_Normals:
      m_NumItems: 0
      m_Range: 0
      m_Start: 0
      m_Data: 
      m_BitSize: 0
    m_Tangents:
      m_NumItems: 0
      m_Range: 0
      m_Start: 0
      m_Data: 
      m_BitSize: 0
    m_Weights:
      m_NumItems: 0
      m_Data: 
      m_BitSize: 0
    m_NormalSigns:
      m_NumItems: 0
      m_Data: 
      m_BitSize: 0
    m_TangentSigns:
      m_NumItems: 0
      m_Data: 
      m_BitSize: 0
    m_FloatColors:
      m_NumItems: 0
      m_Range: 0
      m_Start: 0
      m_Data: 
      m_BitSize: 0
    m_BoneIndices:
      m_NumItems: 0
      m_Data: 
      m_BitSize: 0
    m_Triangles:
      m_NumItems: 0
      m_Data: 
      m_BitSize: 0
    m_UVInfo: 0
  m_LocalAABB:
    m_Center: {x: 0, y: 0.01, z: 0}
    m_Extent: {x: 1.65, y: 0, z: 1.275}
  m_MeshUsageFlags: 0
  m_BakedConvexCollisionMesh: 
  m_BakedTriangleCollisionMesh: 
  m_MeshOptimized: 0
--- !u!1 &1250858313 stripped
GameObject:
  m_PrefabParentObject: {fileID: 100010, guid: b622a78a621da0b4fa61ccd5171e5f2a, type: 3}
  m_PrefabInternal: {fileID: 1011559043}
--- !u!64 &1250858317
MeshCollider:
  m_ObjectHideFlags: 0
  m_PrefabParentObject: {fileID: 0}
  m_PrefabInternal: {fileID: 0}
  m_GameObject: {fileID: 1250858313}
  m_Material: {fileID: 0}
  m_IsTrigger: 0
  m_Enabled: 1
  serializedVersion: 2
  m_Convex: 0
  m_InflateMesh: 0
  m_SkinWidth: 0.01
  m_Mesh: {fileID: 4300012, guid: b622a78a621da0b4fa61ccd5171e5f2a, type: 3}
--- !u!1001 &1336119449
Prefab:
  m_ObjectHideFlags: 0
  serializedVersion: 2
  m_Modification:
    m_TransformParent: {fileID: 0}
    m_Modifications:
    - target: {fileID: 400132, guid: e853c9f3a6ebdac4585bc9baf0f5d3fd, type: 3}
      propertyPath: m_LocalPosition.x
      value: 1.51
      objectReference: {fileID: 0}
    - target: {fileID: 400132, guid: e853c9f3a6ebdac4585bc9baf0f5d3fd, type: 3}
      propertyPath: m_LocalPosition.y
      value: 1.218
      objectReference: {fileID: 0}
    - target: {fileID: 400132, guid: e853c9f3a6ebdac4585bc9baf0f5d3fd, type: 3}
      propertyPath: m_LocalPosition.z
      value: 1.423
      objectReference: {fileID: 0}
    - target: {fileID: 400132, guid: e853c9f3a6ebdac4585bc9baf0f5d3fd, type: 3}
      propertyPath: m_LocalRotation.x
      value: 0.000000059185197
      objectReference: {fileID: 0}
    - target: {fileID: 400132, guid: e853c9f3a6ebdac4585bc9baf0f5d3fd, type: 3}
      propertyPath: m_LocalRotation.y
      value: 0.11842783
      objectReference: {fileID: 0}
    - target: {fileID: 400132, guid: e853c9f3a6ebdac4585bc9baf0f5d3fd, type: 3}
      propertyPath: m_LocalRotation.z
      value: 0.000000007058849
      objectReference: {fileID: 0}
    - target: {fileID: 400132, guid: e853c9f3a6ebdac4585bc9baf0f5d3fd, type: 3}
      propertyPath: m_LocalRotation.w
      value: 0.9929627
      objectReference: {fileID: 0}
    - target: {fileID: 400132, guid: e853c9f3a6ebdac4585bc9baf0f5d3fd, type: 3}
      propertyPath: m_RootOrder
      value: 1
      objectReference: {fileID: 0}
    - target: {fileID: 400132, guid: e853c9f3a6ebdac4585bc9baf0f5d3fd, type: 3}
      propertyPath: m_LocalScale.x
      value: 0.0002
      objectReference: {fileID: 0}
    - target: {fileID: 400132, guid: e853c9f3a6ebdac4585bc9baf0f5d3fd, type: 3}
      propertyPath: m_LocalScale.y
      value: 0.0002
      objectReference: {fileID: 0}
    - target: {fileID: 400132, guid: e853c9f3a6ebdac4585bc9baf0f5d3fd, type: 3}
      propertyPath: m_LocalScale.z
      value: 0.0002
      objectReference: {fileID: 0}
    - target: {fileID: 400132, guid: e853c9f3a6ebdac4585bc9baf0f5d3fd, type: 3}
      propertyPath: m_LocalEulerAnglesHint.y
      value: 13.603001
      objectReference: {fileID: 0}
    - target: {fileID: 100132, guid: e853c9f3a6ebdac4585bc9baf0f5d3fd, type: 3}
      propertyPath: m_StaticEditorFlags
      value: 4294967295
      objectReference: {fileID: 0}
    m_RemovedComponents:
    - {fileID: 9500000, guid: e853c9f3a6ebdac4585bc9baf0f5d3fd, type: 3}
  m_ParentPrefab: {fileID: 100100000, guid: e853c9f3a6ebdac4585bc9baf0f5d3fd, type: 3}
  m_IsPrefabParent: 0
--- !u!1 &1336119450 stripped
GameObject:
  m_PrefabParentObject: {fileID: 100132, guid: e853c9f3a6ebdac4585bc9baf0f5d3fd, type: 3}
  m_PrefabInternal: {fileID: 1336119449}
--- !u!4 &1336119451 stripped
Transform:
  m_PrefabParentObject: {fileID: 400132, guid: e853c9f3a6ebdac4585bc9baf0f5d3fd, type: 3}
  m_PrefabInternal: {fileID: 1336119449}
--- !u!65 &1336119452
BoxCollider:
  m_ObjectHideFlags: 0
  m_PrefabParentObject: {fileID: 0}
  m_PrefabInternal: {fileID: 0}
  m_GameObject: {fileID: 1336119450}
  m_Material: {fileID: 0}
  m_IsTrigger: 0
  m_Enabled: 1
  serializedVersion: 2
  m_Size: {x: 2540, y: 2543.1748, z: 2540}
  m_Center: {x: -4.517586e-12, y: 1271.5874, z: -0.0009765625}
--- !u!1001 &1730267234
Prefab:
  m_ObjectHideFlags: 0
  serializedVersion: 2
  m_Modification:
    m_TransformParent: {fileID: 0}
    m_Modifications:
    - target: {fileID: 4234064306814328, guid: 897f5d578fb001349ac677e8622b2da7, type: 2}
      propertyPath: m_LocalPosition.x
      value: -0.9430001
      objectReference: {fileID: 0}
    - target: {fileID: 4234064306814328, guid: 897f5d578fb001349ac677e8622b2da7, type: 2}
      propertyPath: m_LocalPosition.y
      value: 2.23
      objectReference: {fileID: 0}
    - target: {fileID: 4234064306814328, guid: 897f5d578fb001349ac677e8622b2da7, type: 2}
      propertyPath: m_LocalPosition.z
      value: -14.42
      objectReference: {fileID: 0}
    - target: {fileID: 4234064306814328, guid: 897f5d578fb001349ac677e8622b2da7, type: 2}
      propertyPath: m_LocalRotation.x
      value: -0.7071068
      objectReference: {fileID: 0}
    - target: {fileID: 4234064306814328, guid: 897f5d578fb001349ac677e8622b2da7, type: 2}
      propertyPath: m_LocalRotation.y
      value: -0
      objectReference: {fileID: 0}
    - target: {fileID: 4234064306814328, guid: 897f5d578fb001349ac677e8622b2da7, type: 2}
      propertyPath: m_LocalRotation.z
      value: -0
      objectReference: {fileID: 0}
    - target: {fileID: 4234064306814328, guid: 897f5d578fb001349ac677e8622b2da7, type: 2}
      propertyPath: m_LocalRotation.w
      value: 0.7071068
      objectReference: {fileID: 0}
    - target: {fileID: 4234064306814328, guid: 897f5d578fb001349ac677e8622b2da7, type: 2}
      propertyPath: m_RootOrder
      value: 8
      objectReference: {fileID: 0}
    - target: {fileID: 1352023909951580, guid: 897f5d578fb001349ac677e8622b2da7, type: 2}
      propertyPath: m_IsActive
      value: 0
      objectReference: {fileID: 0}
    m_RemovedComponents: []
  m_ParentPrefab: {fileID: 100100000, guid: 897f5d578fb001349ac677e8622b2da7, type: 2}
  m_IsPrefabParent: 0
--- !u!1001 &1791499135
Prefab:
  m_ObjectHideFlags: 0
  serializedVersion: 2
  m_Modification:
    m_TransformParent: {fileID: 0}
    m_Modifications:
    - target: {fileID: 4040869911860300, guid: a195ab8a886d051498e964f458d29bf6, type: 2}
      propertyPath: m_LocalPosition.x
      value: -2.02
      objectReference: {fileID: 0}
    - target: {fileID: 4040869911860300, guid: a195ab8a886d051498e964f458d29bf6, type: 2}
      propertyPath: m_LocalPosition.y
      value: 2.22
      objectReference: {fileID: 0}
    - target: {fileID: 4040869911860300, guid: a195ab8a886d051498e964f458d29bf6, type: 2}
      propertyPath: m_LocalPosition.z
      value: -14.42
      objectReference: {fileID: 0}
    - target: {fileID: 4040869911860300, guid: a195ab8a886d051498e964f458d29bf6, type: 2}
      propertyPath: m_LocalRotation.x
      value: -0.7071068
      objectReference: {fileID: 0}
    - target: {fileID: 4040869911860300, guid: a195ab8a886d051498e964f458d29bf6, type: 2}
      propertyPath: m_LocalRotation.y
      value: -0
      objectReference: {fileID: 0}
    - target: {fileID: 4040869911860300, guid: a195ab8a886d051498e964f458d29bf6, type: 2}
      propertyPath: m_LocalRotation.z
      value: -0
      objectReference: {fileID: 0}
    - target: {fileID: 4040869911860300, guid: a195ab8a886d051498e964f458d29bf6, type: 2}
      propertyPath: m_LocalRotation.w
      value: 0.7071068
      objectReference: {fileID: 0}
    - target: {fileID: 4040869911860300, guid: a195ab8a886d051498e964f458d29bf6, type: 2}
      propertyPath: m_RootOrder
      value: 9
      objectReference: {fileID: 0}
    - target: {fileID: 1126632364010384, guid: a195ab8a886d051498e964f458d29bf6, type: 2}
      propertyPath: m_IsActive
      value: 0
      objectReference: {fileID: 0}
    m_RemovedComponents: []
  m_ParentPrefab: {fileID: 100100000, guid: a195ab8a886d051498e964f458d29bf6, type: 2}
  m_IsPrefabParent: 0
--- !u!1 &1805044344
GameObject:
  m_ObjectHideFlags: 0
  m_PrefabParentObject: {fileID: 0}
  m_PrefabInternal: {fileID: 0}
  serializedVersion: 5
  m_Component:
  - component: {fileID: 1805044346}
  - component: {fileID: 1805044345}
  m_Layer: 0
  m_Name: Spotlight
  m_TagString: Untagged
  m_Icon: {fileID: 0}
  m_NavMeshLayer: 0
  m_StaticEditorFlags: 4294967295
  m_IsActive: 1
--- !u!108 &1805044345
Light:
  m_ObjectHideFlags: 0
  m_PrefabParentObject: {fileID: 0}
  m_PrefabInternal: {fileID: 0}
  m_GameObject: {fileID: 1805044344}
  m_Enabled: 1
  serializedVersion: 7
  m_Type: 0
  m_Color: {r: 1, g: 0.92068964, b: 0.75, a: 1}
  m_Intensity: 2.29
  m_Range: 10
  m_SpotAngle: 76.70745
  m_CookieSize: 10
  m_Shadows:
    m_Type: 0
    m_Resolution: -1
    m_CustomResolution: -1
    m_Strength: 1
    m_Bias: 0.05
    m_NormalBias: 0.4
    m_NearPlane: 0.2
  m_Cookie: {fileID: 0}
  m_DrawHalo: 0
  m_Flare: {fileID: 0}
  m_RenderMode: 0
  m_CullingMask:
    serializedVersion: 2
    m_Bits: 4294967295
  m_Lightmapping: 1
  m_AreaSize: {x: 1, y: 1}
  m_BounceIntensity: 1
  m_ShadowRadius: 0
  m_ShadowAngle: 0
--- !u!4 &1805044346
Transform:
  m_ObjectHideFlags: 0
  m_PrefabParentObject: {fileID: 0}
  m_PrefabInternal: {fileID: 0}
  m_GameObject: {fileID: 1805044344}
  m_LocalRotation: {x: -0.00000008940697, y: -0, z: -0, w: 1}
  m_LocalPosition: {x: 0, y: 2368.375, z: 0.04866221}
  m_LocalScale: {x: 678.08673, y: 678.0868, z: 678.0868}
  m_Children: []
  m_Father: {fileID: 1838853596}
  m_RootOrder: 0
  m_LocalEulerAnglesHint: {x: 101.944, y: -0.000015258789, z: -0.000015258789}
--- !u!1001 &1838853595
Prefab:
  m_ObjectHideFlags: 0
  serializedVersion: 2
  m_Modification:
    m_TransformParent: {fileID: 0}
    m_Modifications:
    - target: {fileID: 400000, guid: 44167395c1c64494bba651cb0100c331, type: 3}
      propertyPath: m_LocalPosition.x
      value: 0
      objectReference: {fileID: 0}
    - target: {fileID: 400000, guid: 44167395c1c64494bba651cb0100c331, type: 3}
      propertyPath: m_LocalPosition.y
      value: 6.669884
      objectReference: {fileID: 0}
    - target: {fileID: 400000, guid: 44167395c1c64494bba651cb0100c331, type: 3}
      propertyPath: m_LocalPosition.z
      value: -2.0211058
      objectReference: {fileID: 0}
    - target: {fileID: 400000, guid: 44167395c1c64494bba651cb0100c331, type: 3}
      propertyPath: m_LocalRotation.x
      value: 0.7768359
      objectReference: {fileID: 0}
    - target: {fileID: 400000, guid: 44167395c1c64494bba651cb0100c331, type: 3}
      propertyPath: m_LocalRotation.y
      value: -0
      objectReference: {fileID: 0}
    - target: {fileID: 400000, guid: 44167395c1c64494bba651cb0100c331, type: 3}
      propertyPath: m_LocalRotation.z
      value: -0
      objectReference: {fileID: 0}
    - target: {fileID: 400000, guid: 44167395c1c64494bba651cb0100c331, type: 3}
      propertyPath: m_LocalRotation.w
      value: 0.6297031
      objectReference: {fileID: 0}
    - target: {fileID: 400000, guid: 44167395c1c64494bba651cb0100c331, type: 3}
      propertyPath: m_RootOrder
      value: 13
      objectReference: {fileID: 0}
    - target: {fileID: 100000, guid: 44167395c1c64494bba651cb0100c331, type: 3}
      propertyPath: m_StaticEditorFlags
      value: 4294967295
      objectReference: {fileID: 0}
    m_RemovedComponents: []
  m_ParentPrefab: {fileID: 100100000, guid: 44167395c1c64494bba651cb0100c331, type: 3}
  m_IsPrefabParent: 0
--- !u!4 &1838853596 stripped
Transform:
  m_PrefabParentObject: {fileID: 400000, guid: 44167395c1c64494bba651cb0100c331, type: 3}
  m_PrefabInternal: {fileID: 1838853595}
--- !u!1001 &1844013377
Prefab:
  m_ObjectHideFlags: 0
  serializedVersion: 2
  m_Modification:
    m_TransformParent: {fileID: 0}
    m_Modifications:
    - target: {fileID: 4414816974324682, guid: 7cd53e4f18252ad429fa9391842481a5, type: 2}
      propertyPath: m_LocalPosition.x
      value: -0
      objectReference: {fileID: 0}
    - target: {fileID: 4414816974324682, guid: 7cd53e4f18252ad429fa9391842481a5, type: 2}
      propertyPath: m_LocalPosition.y
      value: 1.85
      objectReference: {fileID: 0}
    - target: {fileID: 4414816974324682, guid: 7cd53e4f18252ad429fa9391842481a5, type: 2}
      propertyPath: m_LocalPosition.z
      value: -85.2
      objectReference: {fileID: 0}
    - target: {fileID: 4414816974324682, guid: 7cd53e4f18252ad429fa9391842481a5, type: 2}
      propertyPath: m_LocalRotation.x
      value: 0.000000042146873
      objectReference: {fileID: 0}
    - target: {fileID: 4414816974324682, guid: 7cd53e4f18252ad429fa9391842481a5, type: 2}
      propertyPath: m_LocalRotation.y
      value: 0.7071065
      objectReference: {fileID: 0}
    - target: {fileID: 4414816974324682, guid: 7cd53e4f18252ad429fa9391842481a5, type: 2}
      propertyPath: m_LocalRotation.z
      value: 0.000000042146837
      objectReference: {fileID: 0}
    - target: {fileID: 4414816974324682, guid: 7cd53e4f18252ad429fa9391842481a5, type: 2}
      propertyPath: m_LocalRotation.w
      value: 0.7071071
      objectReference: {fileID: 0}
    - target: {fileID: 4414816974324682, guid: 7cd53e4f18252ad429fa9391842481a5, type: 2}
      propertyPath: m_RootOrder
      value: 14
      objectReference: {fileID: 0}
    - target: {fileID: 1800060498687028, guid: 7cd53e4f18252ad429fa9391842481a5, type: 2}
      propertyPath: m_IsActive
      value: 0
      objectReference: {fileID: 0}
    m_RemovedComponents: []
  m_ParentPrefab: {fileID: 100100000, guid: 7cd53e4f18252ad429fa9391842481a5, type: 2}
  m_IsPrefabParent: 0
--- !u!1 &1913539021
GameObject:
  m_ObjectHideFlags: 0
  m_PrefabParentObject: {fileID: 0}
  m_PrefabInternal: {fileID: 0}
  serializedVersion: 5
  m_Component:
  - component: {fileID: 1913539022}
  - component: {fileID: 1913539025}
  - component: {fileID: 1913539024}
  - component: {fileID: 1913539023}
  m_Layer: 0
  m_Name: Cube
  m_TagString: Untagged
  m_Icon: {fileID: 0}
  m_NavMeshLayer: 0
  m_StaticEditorFlags: 0
  m_IsActive: 1
--- !u!4 &1913539022
Transform:
  m_ObjectHideFlags: 0
  m_PrefabParentObject: {fileID: 0}
  m_PrefabInternal: {fileID: 0}
  m_GameObject: {fileID: 1913539021}
  m_LocalRotation: {x: 0, y: 0, z: 0, w: 1}
  m_LocalPosition: {x: 0, y: -3.14, z: 2.75}
  m_LocalScale: {x: 25.736914, y: 1, z: 20}
  m_Children: []
  m_Father: {fileID: 1011559051}
  m_RootOrder: 0
  m_LocalEulerAnglesHint: {x: 0, y: 0, z: 0}
--- !u!23 &1913539023
MeshRenderer:
  m_ObjectHideFlags: 0
  m_PrefabParentObject: {fileID: 0}
  m_PrefabInternal: {fileID: 0}
  m_GameObject: {fileID: 1913539021}
  m_Enabled: 1
  m_CastShadows: 1
  m_ReceiveShadows: 1
  m_MotionVectors: 1
  m_LightProbeUsage: 1
  m_ReflectionProbeUsage: 1
  m_Materials:
  - {fileID: 10303, guid: 0000000000000000f000000000000000, type: 0}
  m_StaticBatchInfo:
    firstSubMesh: 0
    subMeshCount: 0
  m_StaticBatchRoot: {fileID: 0}
  m_ProbeAnchor: {fileID: 0}
  m_LightProbeVolumeOverride: {fileID: 0}
  m_ScaleInLightmap: 1
  m_PreserveUVs: 1
  m_IgnoreNormalsForChartDetection: 0
  m_ImportantGI: 0
  m_SelectedEditorRenderState: 3
  m_MinimumChartSize: 4
  m_AutoUVMaxDistance: 0.5
  m_AutoUVMaxAngle: 89
  m_LightmapParameters: {fileID: 0}
  m_SortingLayerID: 0
  m_SortingOrder: 0
--- !u!65 &1913539024
BoxCollider:
  m_ObjectHideFlags: 0
  m_PrefabParentObject: {fileID: 0}
  m_PrefabInternal: {fileID: 0}
  m_GameObject: {fileID: 1913539021}
  m_Material: {fileID: 0}
  m_IsTrigger: 0
  m_Enabled: 1
  serializedVersion: 2
  m_Size: {x: 1, y: 1, z: 1}
  m_Center: {x: 0, y: 0, z: 0}
--- !u!33 &1913539025
MeshFilter:
  m_ObjectHideFlags: 0
  m_PrefabParentObject: {fileID: 0}
  m_PrefabInternal: {fileID: 0}
  m_GameObject: {fileID: 1913539021}
  m_Mesh: {fileID: 10202, guid: 0000000000000000e000000000000000, type: 0}
--- !u!1001 &1930008478
Prefab:
  m_ObjectHideFlags: 0
  serializedVersion: 2
  m_Modification:
    m_TransformParent: {fileID: 1078393123}
    m_Modifications:
    - target: {fileID: 400000, guid: 1510c4932cc3dc64db93bc61e58e5360, type: 3}
      propertyPath: m_LocalPosition.x
      value: 2.31
      objectReference: {fileID: 0}
    - target: {fileID: 400000, guid: 1510c4932cc3dc64db93bc61e58e5360, type: 3}
      propertyPath: m_LocalPosition.y
      value: 2.594
      objectReference: {fileID: 0}
    - target: {fileID: 400000, guid: 1510c4932cc3dc64db93bc61e58e5360, type: 3}
      propertyPath: m_LocalPosition.z
      value: 1.09
      objectReference: {fileID: 0}
    - target: {fileID: 400000, guid: 1510c4932cc3dc64db93bc61e58e5360, type: 3}
      propertyPath: m_LocalRotation.x
      value: -0.5000003
      objectReference: {fileID: 0}
    - target: {fileID: 400000, guid: 1510c4932cc3dc64db93bc61e58e5360, type: 3}
      propertyPath: m_LocalRotation.y
      value: -0.49999985
      objectReference: {fileID: 0}
    - target: {fileID: 400000, guid: 1510c4932cc3dc64db93bc61e58e5360, type: 3}
      propertyPath: m_LocalRotation.z
      value: -0.49999973
      objectReference: {fileID: 0}
    - target: {fileID: 400000, guid: 1510c4932cc3dc64db93bc61e58e5360, type: 3}
      propertyPath: m_LocalRotation.w
      value: 0.50000024
      objectReference: {fileID: 0}
    - target: {fileID: 400000, guid: 1510c4932cc3dc64db93bc61e58e5360, type: 3}
      propertyPath: m_RootOrder
      value: 3
      objectReference: {fileID: 0}
    - target: {fileID: 400000, guid: 1510c4932cc3dc64db93bc61e58e5360, type: 3}
      propertyPath: m_LocalScale.x
      value: 0.4
      objectReference: {fileID: 0}
    - target: {fileID: 400000, guid: 1510c4932cc3dc64db93bc61e58e5360, type: 3}
      propertyPath: m_LocalScale.y
      value: 0.4
      objectReference: {fileID: 0}
    - target: {fileID: 400000, guid: 1510c4932cc3dc64db93bc61e58e5360, type: 3}
      propertyPath: m_LocalScale.z
      value: 0.4
      objectReference: {fileID: 0}
    - target: {fileID: 400000, guid: 1510c4932cc3dc64db93bc61e58e5360, type: 3}
      propertyPath: m_LocalEulerAnglesHint.x
      value: -90.00001
      objectReference: {fileID: 0}
    - target: {fileID: 400000, guid: 1510c4932cc3dc64db93bc61e58e5360, type: 3}
      propertyPath: m_LocalEulerAnglesHint.z
      value: -90.00001
      objectReference: {fileID: 0}
    - target: {fileID: 100000, guid: 1510c4932cc3dc64db93bc61e58e5360, type: 3}
      propertyPath: m_Name
      value: Materials (3)
      objectReference: {fileID: 0}
    - target: {fileID: 100000, guid: 1510c4932cc3dc64db93bc61e58e5360, type: 3}
      propertyPath: m_StaticEditorFlags
      value: 4294967295
      objectReference: {fileID: 0}
    m_RemovedComponents: []
  m_ParentPrefab: {fileID: 100100000, guid: 1510c4932cc3dc64db93bc61e58e5360, type: 3}
  m_IsPrefabParent: 0
--- !u!4 &1930008479 stripped
Transform:
  m_PrefabParentObject: {fileID: 400000, guid: 1510c4932cc3dc64db93bc61e58e5360, type: 3}
  m_PrefabInternal: {fileID: 1930008478}
--- !u!1 &1930008480 stripped
GameObject:
  m_PrefabParentObject: {fileID: 100000, guid: 1510c4932cc3dc64db93bc61e58e5360, type: 3}
  m_PrefabInternal: {fileID: 1930008478}
--- !u!65 &1930008481
BoxCollider:
  m_ObjectHideFlags: 0
  m_PrefabParentObject: {fileID: 0}
  m_PrefabInternal: {fileID: 0}
  m_GameObject: {fileID: 1930008480}
  m_Material: {fileID: 0}
  m_IsTrigger: 0
  m_Enabled: 1
  serializedVersion: 2
  m_Size: {x: 2.0030324, y: 2.0000007, z: 2.0000007}
  m_Center: {x: -0.0015159845, y: 1.8071936e-10, z: 1.3553962e-10}
--- !u!1001 &1937756475
Prefab:
  m_ObjectHideFlags: 0
  serializedVersion: 2
  m_Modification:
    m_TransformParent: {fileID: 0}
    m_Modifications:
    - target: {fileID: 4906419040828584, guid: 8738eabfdb7f4fd4194d1809cbf21de6, type: 2}
      propertyPath: m_LocalPosition.x
      value: 2.598
      objectReference: {fileID: 0}
    - target: {fileID: 4906419040828584, guid: 8738eabfdb7f4fd4194d1809cbf21de6, type: 2}
      propertyPath: m_LocalPosition.y
      value: 1.218317
      objectReference: {fileID: 0}
    - target: {fileID: 4906419040828584, guid: 8738eabfdb7f4fd4194d1809cbf21de6, type: 2}
      propertyPath: m_LocalPosition.z
      value: -1.285
      objectReference: {fileID: 0}
    - target: {fileID: 4906419040828584, guid: 8738eabfdb7f4fd4194d1809cbf21de6, type: 2}
      propertyPath: m_LocalRotation.x
      value: -0
      objectReference: {fileID: 0}
    - target: {fileID: 4906419040828584, guid: 8738eabfdb7f4fd4194d1809cbf21de6, type: 2}
      propertyPath: m_LocalRotation.y
      value: -0.9465163
      objectReference: {fileID: 0}
    - target: {fileID: 4906419040828584, guid: 8738eabfdb7f4fd4194d1809cbf21de6, type: 2}
      propertyPath: m_LocalRotation.z
      value: -0
      objectReference: {fileID: 0}
    - target: {fileID: 4906419040828584, guid: 8738eabfdb7f4fd4194d1809cbf21de6, type: 2}
      propertyPath: m_LocalRotation.w
      value: 0.32265607
      objectReference: {fileID: 0}
    - target: {fileID: 4906419040828584, guid: 8738eabfdb7f4fd4194d1809cbf21de6, type: 2}
      propertyPath: m_RootOrder
      value: 3
      objectReference: {fileID: 0}
    m_RemovedComponents: []
  m_ParentPrefab: {fileID: 100100000, guid: 8738eabfdb7f4fd4194d1809cbf21de6, type: 2}
  m_IsPrefabParent: 0
--- !u!1001 &2125429136
Prefab:
  m_ObjectHideFlags: 0
  serializedVersion: 2
  m_Modification:
    m_TransformParent: {fileID: 0}
    m_Modifications:
    - target: {fileID: 4893214090737054, guid: 80bf41eb2d828b64ca3553c9aaaf8078, type: 2}
      propertyPath: m_LocalPosition.x
      value: 0
      objectReference: {fileID: 0}
    - target: {fileID: 4893214090737054, guid: 80bf41eb2d828b64ca3553c9aaaf8078, type: 2}
      propertyPath: m_LocalPosition.y
      value: 1.2183168
      objectReference: {fileID: 0}
    - target: {fileID: 4893214090737054, guid: 80bf41eb2d828b64ca3553c9aaaf8078, type: 2}
      propertyPath: m_LocalPosition.z
      value: 0
      objectReference: {fileID: 0}
    - target: {fileID: 4893214090737054, guid: 80bf41eb2d828b64ca3553c9aaaf8078, type: 2}
      propertyPath: m_LocalRotation.x
      value: -0
      objectReference: {fileID: 0}
    - target: {fileID: 4893214090737054, guid: 80bf41eb2d828b64ca3553c9aaaf8078, type: 2}
      propertyPath: m_LocalRotation.y
      value: 1
      objectReference: {fileID: 0}
    - target: {fileID: 4893214090737054, guid: 80bf41eb2d828b64ca3553c9aaaf8078, type: 2}
      propertyPath: m_LocalRotation.z
      value: -0
      objectReference: {fileID: 0}
    - target: {fileID: 4893214090737054, guid: 80bf41eb2d828b64ca3553c9aaaf8078, type: 2}
      propertyPath: m_LocalRotation.w
      value: -0.00000035762784
      objectReference: {fileID: 0}
    - target: {fileID: 4893214090737054, guid: 80bf41eb2d828b64ca3553c9aaaf8078, type: 2}
      propertyPath: m_RootOrder
      value: 10
      objectReference: {fileID: 0}
    - target: {fileID: 23813476293631954, guid: 80bf41eb2d828b64ca3553c9aaaf8078,
        type: 2}
      propertyPath: m_Materials.Array.data[0]
      value: 
      objectReference: {fileID: 261554207}
    - target: {fileID: 33062753554706408, guid: 80bf41eb2d828b64ca3553c9aaaf8078,
        type: 2}
      propertyPath: m_Mesh
      value: 
      objectReference: {fileID: 1099709804}
    - target: {fileID: 4893214090737054, guid: 80bf41eb2d828b64ca3553c9aaaf8078, type: 2}
      propertyPath: m_LocalEulerAnglesHint.y
      value: 179.99998
      objectReference: {fileID: 0}
    m_RemovedComponents: []
  m_ParentPrefab: {fileID: 100100000, guid: 80bf41eb2d828b64ca3553c9aaaf8078, type: 2}
  m_IsPrefabParent: 0
