%YAML 1.1
%TAG !u! tag:unity3d.com,2011:
--- !u!1001 &100100000
Prefab:
  m_ObjectHideFlags: 1
  serializedVersion: 2
  m_Modification:
    m_TransformParent: {fileID: 0}
    m_Modifications: []
    m_RemovedComponents: []
  m_ParentPrefab: {fileID: 0}
  m_RootGameObject: {fileID: 1538065230983986}
  m_IsPrefabParent: 1
--- !u!1 &1538065230983986
GameObject:
  m_ObjectHideFlags: 0
  m_PrefabParentObject: {fileID: 0}
  m_PrefabInternal: {fileID: 100100000}
  serializedVersion: 5
  m_Component:
  - component: {fileID: 4390062755531380}
  - component: {fileID: 114523692057879260}
  - component: {fileID: 82754304451650390}
  - component: {fileID: 82546546718741162}
  m_Layer: 0
  m_Name: MusicBox DearMaria
  m_TagString: Untagged
  m_Icon: {fileID: 0}
  m_NavMeshLayer: 0
  m_StaticEditorFlags: 0
  m_IsActive: 1
--- !u!1 &1686625162367564
GameObject:
  m_ObjectHideFlags: 0
  m_PrefabParentObject: {fileID: 0}
  m_PrefabInternal: {fileID: 100100000}
  serializedVersion: 5
  m_Component:
  - component: {fileID: 4683227512577484}
  m_Layer: 0
  m_Name: SpawnPoint
  m_TagString: Untagged
  m_Icon: {fileID: 0}
  m_NavMeshLayer: 0
  m_StaticEditorFlags: 0
  m_IsActive: 1
--- !u!1 &1695466110067180
GameObject:
  m_ObjectHideFlags: 0
  m_PrefabParentObject: {fileID: 0}
  m_PrefabInternal: {fileID: 100100000}
  serializedVersion: 5
  m_Component:
  - component: {fileID: 4140351075202210}
  m_Layer: 0
  m_Name: BossSpawn
  m_TagString: Untagged
  m_Icon: {fileID: 0}
  m_NavMeshLayer: 0
  m_StaticEditorFlags: 0
  m_IsActive: 1
--- !u!4 &4140351075202210
Transform:
  m_ObjectHideFlags: 1
  m_PrefabParentObject: {fileID: 0}
  m_PrefabInternal: {fileID: 100100000}
  m_GameObject: {fileID: 1695466110067180}
  m_LocalRotation: {x: -0, y: -0, z: -0, w: 1}
  m_LocalPosition: {x: 0, y: 3.4, z: -73}
  m_LocalScale: {x: 1, y: 1, z: 1}
  m_Children: []
  m_Father: {fileID: 4390062755531380}
  m_RootOrder: 1
  m_LocalEulerAnglesHint: {x: 0, y: 0, z: 0}
--- !u!4 &4390062755531380
Transform:
  m_ObjectHideFlags: 1
  m_PrefabParentObject: {fileID: 0}
  m_PrefabInternal: {fileID: 100100000}
  m_GameObject: {fileID: 1538065230983986}
  m_LocalRotation: {x: 0, y: 0, z: 0, w: 1}
  m_LocalPosition: {x: 0, y: 0, z: 0}
  m_LocalScale: {x: 1, y: 1, z: 1}
  m_Children:
  - {fileID: 4683227512577484}
  - {fileID: 4140351075202210}
  m_Father: {fileID: 0}
  m_RootOrder: 0
  m_LocalEulerAnglesHint: {x: 0, y: 0, z: 0}
--- !u!4 &4683227512577484
Transform:
  m_ObjectHideFlags: 1
  m_PrefabParentObject: {fileID: 0}
  m_PrefabInternal: {fileID: 100100000}
  m_GameObject: {fileID: 1686625162367564}
  m_LocalRotation: {x: 0, y: 0, z: 0, w: 1}
  m_LocalPosition: {x: 0, y: 3.74, z: -59.84}
  m_LocalScale: {x: 1, y: 1, z: 1}
  m_Children: []
  m_Father: {fileID: 4390062755531380}
  m_RootOrder: 0
  m_LocalEulerAnglesHint: {x: 0, y: 0, z: 0}
--- !u!82 &82546546718741162
AudioSource:
  m_ObjectHideFlags: 1
  m_PrefabParentObject: {fileID: 0}
  m_PrefabInternal: {fileID: 100100000}
  m_GameObject: {fileID: 1538065230983986}
  m_Enabled: 1
  serializedVersion: 4
  OutputAudioMixerGroup: {fileID: 0}
  m_audioClip: {fileID: 8300000, guid: ca04d204de7964f46872c48daf39b3c2, type: 3}
  m_PlayOnAwake: 0
  m_Volume: 0
  m_Pitch: 1
  Loop: 0
  Mute: 0
  Spatialize: 0
  SpatializePostEffects: 0
  Priority: 128
  DopplerLevel: 1
  MinDistance: 1
  MaxDistance: 500
  Pan2D: 0
  rolloffMode: 0
  BypassEffects: 0
  BypassListenerEffects: 0
  BypassReverbZones: 0
  rolloffCustomCurve:
    serializedVersion: 2
    m_Curve:
    - serializedVersion: 2
      time: 0
      value: 1
      inSlope: 0
      outSlope: 0
      tangentMode: 0
    - serializedVersion: 2
      time: 1
      value: 0
      inSlope: 0
      outSlope: 0
      tangentMode: 0
    m_PreInfinity: 2
    m_PostInfinity: 2
    m_RotationOrder: 4
  panLevelCustomCurve:
    serializedVersion: 2
    m_Curve:
    - serializedVersion: 2
      time: 0
      value: 0
      inSlope: 0
      outSlope: 0
      tangentMode: 0
    m_PreInfinity: 2
    m_PostInfinity: 2
    m_RotationOrder: 0
  spreadCustomCurve:
    serializedVersion: 2
    m_Curve:
    - serializedVersion: 2
      time: 0
      value: 0
      inSlope: 0
      outSlope: 0
      tangentMode: 0
    m_PreInfinity: 2
    m_PostInfinity: 2
    m_RotationOrder: 0
  reverbZoneMixCustomCurve:
    serializedVersion: 2
    m_Curve:
    - serializedVersion: 2
      time: 0
      value: 1
      inSlope: 0
      outSlope: 0
      tangentMode: 0
    m_PreInfinity: 2
    m_PostInfinity: 2
    m_RotationOrder: 0
--- !u!82 &82754304451650390
AudioSource:
  m_ObjectHideFlags: 1
  m_PrefabParentObject: {fileID: 0}
  m_PrefabInternal: {fileID: 100100000}
  m_GameObject: {fileID: 1538065230983986}
  m_Enabled: 1
  serializedVersion: 4
  OutputAudioMixerGroup: {fileID: 0}
  m_audioClip: {fileID: 8300000, guid: e01aeab268f275e4e836287fa7d1eb0e, type: 3}
  m_PlayOnAwake: 1
  m_Volume: 1
  m_Pitch: 1
  Loop: 0
  Mute: 0
  Spatialize: 0
  SpatializePostEffects: 0
  Priority: 128
  DopplerLevel: 1
  MinDistance: 1
  MaxDistance: 500
  Pan2D: 0
  rolloffMode: 0
  BypassEffects: 0
  BypassListenerEffects: 0
  BypassReverbZones: 0
  rolloffCustomCurve:
    serializedVersion: 2
    m_Curve:
    - serializedVersion: 2
      time: 0
      value: 1
      inSlope: 0
      outSlope: 0
      tangentMode: 0
    - serializedVersion: 2
      time: 1
      value: 0
      inSlope: 0
      outSlope: 0
      tangentMode: 0
    m_PreInfinity: 2
    m_PostInfinity: 2
    m_RotationOrder: 4
  panLevelCustomCurve:
    serializedVersion: 2
    m_Curve:
    - serializedVersion: 2
      time: 0
      value: 0
      inSlope: 0
      outSlope: 0
      tangentMode: 0
    m_PreInfinity: 2
    m_PostInfinity: 2
    m_RotationOrder: 0
  spreadCustomCurve:
    serializedVersion: 2
    m_Curve:
    - serializedVersion: 2
      time: 0
      value: 0
      inSlope: 0
      outSlope: 0
      tangentMode: 0
    m_PreInfinity: 2
    m_PostInfinity: 2
    m_RotationOrder: 0
  reverbZoneMixCustomCurve:
    serializedVersion: 2
    m_Curve:
    - serializedVersion: 2
      time: 0
      value: 1
      inSlope: 0
      outSlope: 0
      tangentMode: 0
    m_PreInfinity: 2
    m_PostInfinity: 2
    m_RotationOrder: 0
--- !u!114 &114523692057879260
MonoBehaviour:
  m_ObjectHideFlags: 1
  m_PrefabParentObject: {fileID: 0}
  m_PrefabInternal: {fileID: 100100000}
  m_GameObject: {fileID: 1538065230983986}
  m_Enabled: 1
  m_EditorHideFlags: 0
  m_Script: {fileID: 11500000, guid: b0e9e97a6b63a2f44999c9862c0e3eb6, type: 3}
  m_Name: 
  m_EditorClassIdentifier: 
  menuSceneName: MainMenu
  musicEvents:
  - {x: 0, y: 1, z: 96, w: 1}
  - {x: 0, y: 2, z: 23, w: 1}
  - {x: 0, y: 2, z: 41, w: 1}
  - {x: 0, y: 2, z: 51, w: 1}
  - {x: 0, y: 2, z: 80, w: 1}
  - {x: 0, y: 4, z: 61, w: 1}
  - {x: 0, y: 5, z: 7, w: 1}
  - {x: 0, y: 5, z: 53, w: 1}
  - {x: 0, y: 5, z: 82, w: 1}
  - {x: 0, y: 6, z: 70, w: 1}
  - {x: 0, y: 7, z: 73, w: 1}
  - {x: 0, y: 8, z: 62, w: 1}
  - {x: 0, y: 9, z: 39, w: 1}
  - {x: 0, y: 10, z: 50, w: 1}
  - {x: 0, y: 11, z: 33, w: 1}
  - {x: 0, y: 11, z: 69, w: 1}
  - {x: 0, y: 13, z: 3, w: 4}
  - {x: 0, y: 14, z: 0, w: 2}
  - {x: 0, y: 15, z: 50, w: 2}
  - {x: 0, y: 17, z: 40, w: 2}
  - {x: 0, y: 18, z: 30, w: 2}
  - {x: 0, y: 19, z: 30, w: 2}
  - {x: 0, y: 20, z: 80, w: 2}
  - {x: 0, y: 22, z: 20, w: 2}
  - {x: 0, y: 24, z: 0, w: 4}
  - {x: 0, y: 26, z: 53, w: 2}
  - {x: 0, y: 27, z: 95, w: 2}
  - {x: 0, y: 29, z: 17, w: 3}
  - {x: 0, y: 31, z: 71, w: 4}
  - {x: 0, y: 35, z: 0, w: 4}
  - {x: 0, y: 37, z: 7, w: 4}
  - {x: 0, y: 39, z: 75, w: 4}
  - {x: 0, y: 42, z: 61, w: 4}
  - {x: 0, y: 45, z: 10, w: 4}
  - {x: 0, y: 47, z: 70, w: 4}
  - {x: 0, y: 50, z: 35, w: 4}
  - {x: 0, y: 52, z: 96, w: 4}
  - {x: 0, y: 55, z: 75, w: 4}
  - {x: 0, y: 58, z: 44, w: 4}
  - {x: 1, y: 0, z: 92, w: 4}
  - {x: 1, y: 6, z: 21, w: 4}
  - {x: 1, y: 8, z: 96, w: 4}
  - {x: 1, y: 11, z: 67, w: 4}
  - {x: 1, y: 14, z: 26, w: 4}
  - {x: 1, y: 17, z: 7, w: 4}
  - {x: 1, y: 19, z: 58, w: 4}
  - {x: 1, y: 22, z: 15, w: 4}
  - {x: 1, y: 27, z: 54, w: 3}
  - {x: 1, y: 28, z: 1, w: 3}
  - {x: 1, y: 30, z: 14, w: 4}
  - {x: 1, y: 33, z: 1, w: 4}
  - {x: 1, y: 38, z: 3, w: 5}
  - {x: 1, y: 40, z: 90, w: 4}
  - {x: 1, y: 43, z: 41, w: 4}
  - {x: 1, y: 46, z: 1, w: 4}
  - {x: 1, y: 48, z: 84, w: 4}
  - {x: 1, y: 51, z: 53, w: 4}
  - {x: 1, y: 54, z: 23, w: 4}
  - {x: 1, y: 59, z: 29, w: 5}
  - {x: 2, y: 2, z: 54, w: 4}
  - {x: 2, y: 4, z: 53, w: 4}
  - {x: 2, y: 5, z: 72, w: 100}
  - {x: 2, y: 8, z: 69, w: 1}
  - {x: 2, y: 11, z: 65, w: 1}
  - {x: 2, y: 13, z: 78, w: 1}
  - {x: 2, y: 16, z: 38, w: 1}
  - {x: 2, y: 18, z: 56, w: 1}
  - {x: 2, y: 20, z: 61, w: 2}
  - {x: 2, y: 22, z: 92, w: 1}
  - {x: 2, y: 24, z: 31, w: 1}
  - {x: 2, y: 27, z: 9, w: 1}
  - {x: 2, y: 28, z: 62, w: 2}
  - {x: 2, y: 31, z: 50, w: 1}
  - {x: 2, y: 33, z: 76, w: 2}
  - {x: 2, y: 36, z: 38, w: 1}
  - {x: 2, y: 39, z: 26, w: 1}
  - {x: 2, y: 41, z: 95, w: 1}
  - {x: 2, y: 44, z: 50, w: 1}
  - {x: 2, y: 47, z: 33, w: 1}
  - {x: 2, y: 49, z: 92, w: 1}
  - {x: 2, y: 52, z: 98, w: 1}
  - {x: 2, y: 55, z: 58, w: 1}
  - {x: 2, y: 58, z: 17, w: 1}
  - {x: 3, y: 0, z: 0, w: 1}
  - {x: 3, y: 5, z: 83, w: 500}
  timer: 0
  Robos:
  - {fileID: 1134255601064622, guid: 95aa01d1a0cd4bc4b96b4f69df6eb144, type: 2}
  - {fileID: 1126632364010384, guid: a195ab8a886d051498e964f458d29bf6, type: 2}
  - {fileID: 1341182249763566, guid: e06efa215f184634a9ef8e15d899c8a3, type: 2}
  - {fileID: 1352023909951580, guid: 897f5d578fb001349ac677e8622b2da7, type: 2}
  - {fileID: 1434244449013778, guid: 1b6825488c549fd40994d2697493e7b9, type: 2}
  bossRobo: {fileID: 1800060498687028, guid: 7cd53e4f18252ad429fa9391842481a5, type: 2}
  spawnArea: {fileID: 4683227512577484}
  bossSpawnArea: {fileID: 4140351075202210}
  spawnLocMod: 1
  metronome: {fileID: 82546546718741162}
